@misc{threadsInCEducative,
	title = {{What are pthreads in C/C++?}},
	author = {Sheharyar Khalid},
	journal = {Educative: Interactive Courses for Software Developers},
	note = {[Online; accessed 7. Apr. 2023]},
	url = {https://www.educative.io/answers/what-are-pthreads-in-c-cpp}
}

@inbook{kerrisk_2010_pthread_join3,
  author = {Kerrisk, Michael},
  month = {10},
  publisher = {No Starch Press},
  title = {pthread_join(3)},
  url = {https://man7.org/linux/man-pages/man3/pthread_join.3.html},
  urldate = {2023-04-07},
  year = {2010},
  organization = {The Linux Programming Interface},
  series = {The Linux Programming Interface}
}

@misc{codevault_2020_short,
  author = {CodeVault},
  month = {12},
  title = {Short introduction to threads (pthreads)},
  url = {https://www.youtube.com/watch?v=d9s_d28yJq0},
  urldate = {2023-03-31},
  year = {2020},
  organization = {YouTube}
}

@misc{portfoliocourses_2022_introduction,
  author = {Portfolio Courses},
  month = {02},
  title = {Introduction To Threads (pthreads) | C Programming Tutorial},
  url = {https://www.youtube.com/watch?v=ldJ8WGZVXZk},
  urldate = {2023-03-31},
  year = {2022},
  organization = {YouTube}
}

@misc{whiletruethendream_2018_programar,
  author = {WhileTrueThenDream},
  month = {03},
  title = {Programar en C con Hilos pthreads},
  url = {https://www.youtube.com/watch?v=NAKrOZCcJ4A},
  urldate = {2023-03-31},
  year = {2018},
  organization = {YouTube}
}

@misc{whiletruethendream_2020_mutex,
  author = {WhileTrueThenDream},
  month = {04},
  title = {Mutex. Sincronización de hilos. Programar en C, Linux},
  url = {https://www.youtube.com/watch?v=faZEhIHdJx8},
  urldate = {2023-04-01},
  year = {2020},
  organization = {YouTube}
}

@misc{cppdev_2010_c,
  author = {cppdev},
  editor = {Sagar Jain},
  month = {01},
  title = {c - pthreads mutex vs semaphore},
  url = {https://stackoverflow.com/questions/2065747/pthreads-mutex-vs-semaphore},
  urldate = {2023-04-01},
  year = {2010},
  organization = {Stack Overflow}
}

@misc{encyclopdiabritannica_2022_c,
  author = {Encyclopædia Britannica},
  month = {10},
  title = {C | computer programming language},
  url = {https://www.britannica.com/technology/C-computer-programming-language},
  urldate = {2023-04-05},
  year = {2022},
  organization = {Encyclopedia Britannica}
}

@misc{munoz_after,
  author = {Munoz, Daniel},
  title = {After All These Years, the World is Still Powered by C Programming},
  url = {https://www.toptal.com/c/after-all-these-years-the-world-is-still-powered-by-c-programming},
  urldate = {2023-04-05},
  organization = {Toptal Engineering Blog}
}

@misc{mritchie_1993_the,
  author = {M. Ritchie, Daniel},
  month = {04},
  title = {The Development of the C Language},
  url = {https://www.bell-labs.com/usr/dmr/www/chist.html},
  urldate = {2023-04-06},
  year = {1993},
  organization = {Bell-labs.com}
}

@misc{ippolito_2020_linux,
  author = {Ippolito, Greg},
  title = {Linux Tutorial: POSIX Threads},
  url = {https://www.cs.cmu.edu/afs/cs/academic/class/15492-f07/www/pthreads.html},
  urldate = {2023-04-06},
  year = {2020},
  organization = {Cmu.edu}
}

@misc{avram_2014_jetbrains,
  author = {Avram, Abel},
  month = {09},
  title = {JetBrains CLion, a C/C++ IDE, and ReSharper for C++},
  url = {https://www.infoq.com/news/2014/09/jetbrains-clion/},
  urldate = {2023-04-06},
  year = {2014},
  organization = {InfoQ}
}

@misc{jetbrains_intelligent,
  author = {JetBrains},
  title = {Intelligent Coding Assistance & Code Analysis - Features | CLion},
  url = {https://www.jetbrains.com/clion/features/},
  urldate = {2023-04-06},
  organization = {JetBrains}
}

@misc{universityinformationtechnologyservices_2021_about,
  author = {University Information Technology Services},
  month = {12},
  title = {About POSIX},
  url = {https://kb.iu.edu/d/agjv},
  urldate = {2023-04-06},
  year = {2021},
  organization = {kb.iu.edu}
}

@misc{idahostateuniversity_1997_what,
  author = {Idaho State University},
  month = {02},
  title = {What Is Unix?},
  url = {https://fsl.fmrib.ox.ac.uk/fslcourse/unix_intro/whatis.html},
  urldate = {2023-04-06},
  year = {1997},
  organization = {fsl.fmrib.ox.ac.uk}
}

@inbook{kerrisk_2010_fseek3,
  author = {Kerrisk, Michael},
  month = {10},
  publisher = {No Starch Press},
  title = {fseek(3) - Linux manual page},
  url = {https://man7.org/linux/man-pages/man3/fseek.3.html},
  urldate = {2023-04-13},
  year = {2010},
  organization = {The Linux Programming Interface},
  series = {The Linux Programming Interface}
}

@inbook{kerrisk_2010_ftell3p,
  author = {Kerrisk, Michael},
  month = {10},
  publisher = {No Starch Press},
  title = {ftell(3p) - Linux manual page},
  url = {https://man7.org/linux/man-pages/man3/ftell.3p.html},
  urldate = {2023-04-13},
  year = {2010},
  organization = {The Linux Programming Interface},
  series = {The Linux Programming Interface}
}

@misc{cppreferencecom_2021_fread,
  author = {cppreference.com},
  month = {11},
  title = {fread - cppreference.com},
  url = {https://en.cppreference.com/w/c/io/fread},
  urldate = {2023-04-13},
  year = {2021},
  organization = {en.cppreference.com}
}

@misc{michael_2009_c,
  author = {michael},
  month = {08},
  title = {c - Multiple arguments to function called by pthread_create()?},
  url = {https://stackoverflow.com/questions/1352749/multiple-arguments-to-function-called-by-pthread-create},
  urldate = {2023-04-13},
  year = {2009},
  organization = {Stack Overflow}
}

@misc{chanilastnam_2015_c,
  author = {ChaniLastnamé},
  month = {02},
  title = {C - Read file byte by byte using fread},
  url = {https://stackoverflow.com/questions/28269995/c-read-file-byte-by-byte-using-fread},
  urldate = {2023-04-13},
  year = {2015},
  organization = {Stack Overflow}
}

@misc{manrow_2011_c,
  author = {ManRow},
  month = {02},
  title = {c - Static pthreads mutex initialization},
  url = {https://stackoverflow.com/questions/5138778/static-pthreads-mutex-initialization},
  urldate = {2023-04-13},
  year = {2011},
  organization = {Stack Overflow}
}

@inbook{kerrisk_2010_pthread_exit3,
  author = {Kerrisk, Michael},
  month = {10},
  publisher = {No Starch Press},
  title = {pthread_exit(3)},
  url = {https://man7.org/linux/man-pages/man3/pthread_exit.3.html},
  urldate = {2023-04-13},
  year = {2010},
  organization = {The Linux Programming Interface},
  series = {The Linux Programming Interface}
}

@misc{ozturk_2018_how,
  author = {Ozturk, Muhammed Emin},
  month = {09},
  title = {How to Debug C Program using gdb in 6 Simple Steps},
  url = {https://u.osu.edu/cstutorials/2018/09/28/how-to-debug-c-program-using-gdb-in-6-simple-steps/},
  urldate = {2023-04-13},
  year = {2018},
  organization = {The Ohio State University}
}

@misc{techiedelight_2017_algoritmo,
  author = {Techie Delight},
  title = {Algoritmo de compresión de codificación de Huffman},
  url = {https://www.techiedelight.com/es/huffman-coding/},
  year = {2017},
  organization = {Techie Delight}
}

@misc{lpezfernndez_2010_algoritmo,
  author = {López Fernández, José Luis},
  title = {Algoritmo de Huffman},
  url = {https://joselu.webs.uvigo.es/material/Algoritmo%20de%20Huffman.pdf},
  urldate = {2023-06-08},
  year = {2010}
}

@misc{geeksforgeeks_2013_radix,
  author = {GeeksforGeeks},
  month = {09},
  title = {Radix Sort},
  url = {https://www.geeksforgeeks.org/radix-sort/},
  year = {2013},
  organization = {GeeksforGeeks}
}

@misc{tutorialspointindiaprivatelimited_c,
  author = {Tutorials Point India Private Limited},
  title = {C library function - fprintf()},
  url = {https://www.tutorialspoint.com/c_standard_library/c_function_fprintf.htm},
  organization = {www.tutorialspoint.com}
}

@misc{sonofblip_2013_append,
  author = {Sonofblip},
  month = {10},
  title = {Append to the end of a file in C},
  url = {https://stackoverflow.com/questions/19429138/append-to-the-end-of-a-file-in-c},
  urldate = {2023-06-11},
  year = {2013},
  organization = {Stack Overflow}
}

@misc{dtech_2012_how,
  author = {dtech},
  month = {08},
  title = {How to read/write arbitrary bits in C/C++},
  url = {https://stackoverflow.com/questions/11815894/how-to-read-write-arbitrary-bits-in-c-c},
  urldate = {2023-06-06},
  year = {2012},
  organization = {Stack Overflow}
}

@misc{rao_strings,
  author = {Rao, Pooja},
  title = {Strings in c gets(), fgets(), getline(), getchar(), puts(), putchar(), strlen()},
  url = {https://www.studymite.com/blog/strings-in-c#read_using_gets},
  urldate = {2023-06-13},
  organization = {StudyMite}
}

@misc{cppreferencecom_2022_strtoul,
  author = {cppreference.com},
  month = {12},
  title = {strtoul, strtoull - cppreference.com},
  url = {https://en.cppreference.com/w/c/string/byte/strtoul},
  urldate = {2023-06-13},
  year = {2022},
  organization = {en.cppreference.com}
}

@misc{riptutorial_c,
  author = {RIP Tutorial},
  title = {C Language Tutorial => Get lines from a file using getline()},
  url = {https://riptutorial.com/c/example/8274/get-lines-from-a-file-using-getline--},
  organization = {riptutorial.com}
}